<record xmlns="http://www.loc.gov/MARC21/slim">
   <leader>01130nam a2200277 i 4500</leader>
   <controlfield tag="001">6813149</controlfield>
   <controlfield tag="008">150227s2015    abca     b   u000 0 eng d</controlfield>
   <datafield ind1=" " ind2=" " tag="035">
      <subfield code="a">ocn904213022</subfield>
   </datafield>
   <datafield ind1=" " ind2=" " tag="040">
      <subfield code="a">AEE</subfield>
      <subfield code="b">eng</subfield>
      <subfield code="e">rda</subfield>
   </datafield>
   <datafield ind1=" " ind2="4" tag="055">
      <subfield code="a">HD9574.C3</subfield>
      <subfield code="b">A333 2015</subfield>
   </datafield>
   <datafield ind1=" " ind2=" " tag="090">
      <subfield code="a">HD 9574 C3 A333 2015</subfield>
      <subfield code="b">AEE</subfield>
   </datafield>
   <datafield ind1="0" ind2="4" tag="245">
      <subfield code="a">The associated gas sector in Alberta /</subfield>
      <subfield code="c">Canadian Energy Research Institute.</subfield>
   </datafield>
   <datafield ind1=" " ind2="1" tag="264">
      <subfield code="a">[Calgary] :</subfield>
      <subfield code="b">Canadian Energy Research Institute,</subfield>
      <subfield code="c">[2015]</subfield>
   </datafield>
   <datafield ind1=" " ind2=" " tag="300">
      <subfield code="a">20 pages :</subfield>
      <subfield code="b">colour illustrations ;</subfield>
      <subfield code="c">28cm</subfield>
   </datafield>
   <datafield ind1=" " ind2=" " tag="336">
      <subfield code="a">text</subfield>
      <subfield code="b">txt</subfield>
      <subfield code="2">rdacontent</subfield>
   </datafield>
   <datafield ind1=" " ind2=" " tag="337">
      <subfield code="a">unmediated</subfield>
      <subfield code="b">n</subfield>
      <subfield code="2">rdamedia</subfield>
   </datafield>
   <datafield ind1=" " ind2=" " tag="338">
      <subfield code="a">volume</subfield>
      <subfield code="b">nc</subfield>
      <subfield code="2">rdacarrier</subfield>
   </datafield>
   <datafield ind1=" " ind2=" " tag="500">
      <subfield code="a">Title from cover.</subfield>
   </datafield>
   <datafield ind1=" " ind2=" " tag="500">
      <subfield code="a">"Briefing paper, February 2015"--on the cover.</subfield>
   </datafield>
   <datafield ind1=" " ind2=" " tag="504">
      <subfield code="a">Includes bibliographical references.</subfield>
   </datafield>
   <datafield ind1=" " ind2=" " tag="588">
      <subfield code="a">Description based on document, downloaded and printed on February 27, 2015 from http://www.ceri.ca.</subfield>
   </datafield>
   <datafield ind1=" " ind2=" " tag="596">
      <subfield code="a">2</subfield>
   </datafield>
   <datafield ind1=" " ind2="0" tag="650">
      <subfield code="a">Oil sands industry</subfield>
      <subfield code="x">Economic aspects</subfield>
      <subfield code="z">Alberta.</subfield>
   </datafield>
   <datafield ind1=" " ind2="0" tag="650">
      <subfield code="a">Petroleum industry and trade</subfield>
      <subfield code="z">Canada.</subfield>
   </datafield>
   <datafield ind1="2" ind2=" " tag="710">
      <subfield code="a">Canadian Energy Research Institute.</subfield>
   </datafield>
   <datafield ind1=" " ind2=" " tag="926">
      <subfield code="a">HD 9574 C3 A333 2015</subfield>
      <subfield code="w">LC</subfield>
      <subfield code="c">1</subfield>
      <subfield code="i">0163310431446</subfield>
      <subfield code="l">ON_SHELF</subfield>
      <subfield code="m">AGL_CAP</subfield>
      <subfield code="r">Y</subfield>
      <subfield code="s">Y</subfield>
      <subfield code="t">BOOK</subfield>
      <subfield code="u">2/27/2015</subfield>
   </datafield>
</record>
